<?xml version="1.0" encoding="UTF-8"?><record xmlns="http://www.loc.gov/MARC21/slim" xmlns:cinclude="http://apache.org/cocoon/include/1.0" xmlns:zs="http://www.loc.gov/zing/srw/">
  <leader>00648cz  a2200157n  4500</leader>
  <controlfield tag="001">no2006078274</controlfield>
  <controlfield tag="003">DLC</controlfield>
  <controlfield tag="005">20080530075248.0</controlfield>
  <controlfield tag="008">060726n| acannaabn          |a ana      </controlfield>
  <datafield tag="010" ind1=" " ind2=" ">
    <subfield code="a">no2006078274</subfield>
  </datafield>
  <datafield tag="035" ind1=" " ind2=" ">
    <subfield code="a">(OCoLC)oca07007127</subfield>
  </datafield>
  <datafield tag="040" ind1=" " ind2=" ">
    <subfield code="a">Nz</subfield>
    <subfield code="b">eng</subfield>
    <subfield code="c">Nz</subfield>
    <subfield code="d">Nz</subfield>
  </datafield>
  <datafield tag="110" ind1="2" ind2=" ">
    <subfield code="a">Tinakori Gallery</subfield>
  </datafield>
  <datafield tag="510" ind1="2" ind2=" ">
    <subfield code="w">b</subfield>
    <subfield code="a">Page Blackie Gallery</subfield>
  </datafield>
  <datafield tag="670" ind1=" " ind2=" ">
    <subfield code="a">The wide-open interior : paintings and watercolours by John Drawbridge, 2001</subfield>
    <subfield code="b">t.p. (Tinakori Gallery)</subfield>
  </datafield>
  <datafield tag="670" ind1=" " ind2=" ">
    <subfield code="a">Page Blackie Gallery WWW site, May 15, 2008</subfield>
    <subfield code="b">home page (Tinakori Gallery is now Page Blackie Gallery) more about the change page (In Dec. 2007, the business began trading as Page Blackie Gallery)</subfield>
  </datafield>
</record>